@inproceedings{mihalcea2004textrank,
  title={TextRank: Bringing order into texts},
  author={Mihalcea, Rada and Tarau, Paul},
  booktitle={Proceedings of EMNLP},
  volume={4},
  number={4},
  year={2004},
  organization={Barcelona, Spain}
}

@article{mondalimproved,
  title={Improved Algorithms For Keyword Extraction and Headline Generation From Unstructured Text},
  author={Mondal, Amit Kumar and Maji, Dipak Kumar}
}

@article{uzun2005keyword,
  title={Keyword Extraction Using Na{\"\i}ve Bayes},
  author={Uzun, Yasin},
  journal={Bilkent University, Department of Computer Science},
  year={2005}
}

@inproceedings{witten1999kea,
  title={KEA: Practical automatic keyphrase extraction},
  author={Witten, Ian H and Paynter, Gordon W and Frank, Eibe and Gutwin, Carl and Nevill-Manning, Craig G},
  booktitle={Proceedings of the fourth ACM conference on Digital libraries},
  pages={254--255},
  year={1999},
  organization={ACM}
}

@inproceedings{wartena2010keyword,
  title={Keyword extraction using word co-occurrence},
  author={Wartena, Christian and Brussee, Rogier and Slakhorst, Wout},
  booktitle={Database and Expert Systems Applications (DEXA), 2010 Workshop on},
  pages={54--58},
  year={2010},
  organization={IEEE}
}


